00586cas a22002291a 4500
001 999303803502836
003 Nz
005 20161223153107.0
008 040107d18751877nz  r ne      0   0 eng d
035    $a (NLNZils)930380
035    $a (Nz)8169315
035    $a (NLNZils)930380-ilsdb
035    $a (OCoLC)173421980
040    $a WN $c WN
042    $a nznb
043    $a u-nz---
245 00 $a Nelson daily times.
260    $a [Nelson, N.Z. : $b s.n., $c 1875-1877]
310    $a Daily
362 0  $a 1875 May19-1877?
651  0 $a Nelson (N.Z.) $v Newspapers.
655  7 $a New Zealand newspapers. $2 local $5 Nz
